%% This BibTeX bibliography file was created using BibDesk.
%% http://bibdesk.sourceforge.net/

%% Created for Sen at 2017-10-18 20:18:29 +0900 


%% Saved with string encoding Unicode (UTF-8) 


@comment{jabref-meta: databaseType:bibtex;}
@comment{jabref-entrytype: Bachelorthesis: req[author;school;year] opt[yomi]}



@book{payne1997,
	Author = {Payne, Thomas Edward},
	Date-Added = {2017-10-18 11:18:17 +0000},
	Date-Modified = {2017-10-18 11:18:29 +0000},
	Publisher = {Cambridge University Press},
	Title = {Describing morphosyntax : a guide for field linguists},
	Url = {http://ci.nii.ac.jp/ncid/BA32723384},
	Year = {1997},
	Bdsk-Url-1 = {http://ci.nii.ac.jp/ncid/BA32723384}}

@book{shiiba2016,
	Address = {東京},
	Date-Added = {2016-07-23 03:44:21 +0000},
	Date-Modified = {2016-07-23 03:44:21 +0000},
	Editor = {下地 理則 and 小川 晋史 and 新永 悠人 and 平塚 雄亮 and 坂井 美日},
	Publisher = {国立国語研究所},
	Title = {尾前調査班中間報告書 -宮崎県椎葉村尾前方言 簡易語彙集と文法概説-},
	Year = {2016},
	Yomi = {michinori shimoji and shinji ogawa and yuto niinaga and yuusuke hiratsuka and mika sakai}}

@webpage{treeprint,
	Access = {2016.5.17},
	Author = {高木 一広},
	Date-Added = {2016-05-16 15:54:40 +0000},
	Date-Modified = {2016-05-16 15:58:08 +0000},
	Title = {treeprint.sty (ver 2.2) マニュアル},
	Url = {http://banjo.shoin.ac.jp/~gauchi/lingui/class/handouts/LaTeX-macros/treeprint/manual.pdf},
	Year = {1998},
	Yomi = {Kazuhiro Takagi},
	Bdsk-Url-1 = {http://banjo.shoin.ac.jp/~gauchi/lingui/class/handouts/LaTeX-macros/treeprint/manual.pdf}}

@url{package,
	Access = {2016.5.16},
	Date-Added = {2016-05-16 09:36:31 +0000},
	Date-Modified = {2016-05-16 11:45:48 +0000},
	Title = {TeX/LaTeX: パッケージについて:},
	Url = {http://www.biwako.shiga-u.ac.jp/sensei/kumazawa/aboutsty.html},
	Yomi = {TeXLaTeXpackage},
	Bdsk-Url-1 = {http://www.biwako.shiga-u.ac.jp/sensei/kumazawa/aboutsty.html}}

@url{ueyamaayumi,
	Access = {2016.5.16},
	Author = {上山 あゆみ},
	Date-Added = {2016-05-16 09:35:08 +0000},
	Date-Modified = {2016-05-16 09:40:26 +0000},
	Title = {上山あゆみ / UEYAMA Ayumi: TreeDrawer},
	Url = {http://www.gges.org/ueyama/TreeDrawer.shtml},
	Yomi = {Ayumi Ueyama},
	Bdsk-Url-1 = {http://www.gges.org/ueyama/TreeDrawer.shtml}}

@url{ctan,
	Access = {2016.5.16},
	Date-Added = {2016-05-16 09:33:49 +0000},
	Date-Modified = {2016-05-16 09:34:32 +0000},
	Title = {CTAN: Packages:},
	Url = {https://www.ctan.org/pkg},
	Bdsk-Url-1 = {https://www.ctan.org/pkg}}

@url{jeconbst,
	Access = {2016.5.16},
	Author = {武田 史郎},
	Date-Added = {2016-05-16 09:32:05 +0000},
	Date-Modified = {2016-05-16 09:42:17 +0000},
	Title = {武田史郎のウェブサイト: jecon.bst: 経済学用BibTeXスタイルファイル},
	Url = {http://shirotakeda.org/ja/tex-ja/jecon-ja.html},
	Urldate = {2016.4.4},
	Yomi = {SIroh Takeda},
	Bdsk-Url-1 = {http://shirotakeda.org/ja/tex-ja/jecon-ja.html}}

@url{kyudaigengo,
	Access = {2016.5.16},
	Author = {九州大学文学部言語学研究室},
	Date-Added = {2016-05-16 09:29:37 +0000},
	Date-Modified = {2016-05-16 09:37:20 +0000},
	Title = {卒業論文執筆要綱（言語学・応用言語学専門分野内規）},
	Url = {http://www2.lit.kyushu-u.ac.jp/~linguist/writing2016.pdf},
	Yomi = {kyuushuudaigakugengogakukenkyuushitu},
	Bdsk-Url-1 = {http://www2.lit.kyushu-u.ac.jp/~linguist/writing2016.pdf}}

@book{title1994,
	Author = {Taro Yamada},
	Date-Added = {2016-05-12 14:05:48 +0000},
	Date-Modified = {2016-05-12 14:07:33 +0000},
	Publisher = {Kurosio Shuppan},
	Series = {Syntactical notions},
	Title = {Colorless green idea},
	Volume = {2},
	Year = {1994}}

@webpage{gunji2017,
	Access = {2017. 9. 10},
	Author = {郡司 隆男},
	Date-Added = {2016-05-12 10:22:30 +0000},
	Date-Modified = {2017-09-10 05:01:59 +0000},
	Title = {新版\LaTeX で言語学の論文を書くために},
	Url = {http://sils.shoin.ac.jp/~gunji/CR/Kyozai/howtoling/howtoling.pdf},
	Year = {2017},
	Yomi = {Takao Gunji},
	Bdsk-Url-1 = {http://sils.shoin.ac.jp/~gunji/CR/Kyozai/howtoling/howtoling.pdf}}

@webpage{fukui2004,
	Access = {2016.5.12},
	Author = {Rei Fukui},
	Date-Added = {2016-05-12 05:58:51 +0000},
	Date-Modified = {2016-05-16 09:21:51 +0000},
	Lastchecked = {2016.5.12},
	Title = {TIPA Manual},
	Url = {http://www.ring.gr.jp/pub/text/CTAN/fonts/tipa/tipaman.pdf},
	Urldate = {2004.3.25},
	Year = {2004},
	Bdsk-Url-1 = {http://www.ring.gr.jp/pub/text/CTAN/fonts/tipa/tipaman.pdf}}

@bachelorthesis{urabe2016,
	Author = {Yuko Urabe},
	Date-Added = {2016-05-12 04:43:29 +0000},
	Date-Modified = {2016-05-12 05:54:58 +0000},
	School = {Kyushu University Faculty of Literature Department of Linguistics},
	Title = {Miyazaki-ken Shiiba-son Omae hoogen ni okeru asupekuto no taikee [The aspect system of the Omae dialect of Shiiba Villalge of Miyazaki Prefecture]},
	Year = {2016},
	Yomi = {Yuko Urabe}}

@webpage{latexcommand,
	Access = {2016.5.16},
	Date-Added = {2016-05-12 01:50:07 +0000},
	Date-Modified = {2016-05-16 09:25:28 +0000},
	Title = {LaTeXコマンド集},
	Url = {http://www.latex-cmd.com/},
	Yomi = {latefukomandosyuu},
	Bdsk-Url-1 = {http://www.latex-cmd.com/}}

@book{aikhenvald2006,
	Address = {New York},
	Author = {Alexandra Y. Aikhenvald},
	Date-Added = {2016-04-11 15:29:48 +0000},
	Date-Modified = {2016-04-11 15:29:48 +0000},
	Publisher = {Oxford University Press},
	Title = {Evidentiality},
	Year = {2006}}

@phdthesis{nansei2005,
	Author = {南西　太郎},
	Date-Added = {2016-02-26 11:07:00 +0000},
	Date-Modified = {2016-02-28 13:55:33 +0000},
	School = {南西大学},
	Title = {南西語音韻論研究},
	Year = {2005},
	Yomi = {Taroh Nansei}}

@book{jakobson1963,
	Address = {Cambridge, MA},
	Author = {Roman Jakobson and Gunnar Fant and Morris Halle},
	Date-Added = {2016-02-26 11:04:48 +0000},
	Date-Modified = {2016-05-12 05:56:00 +0000},
	Publisher = {MIT Press},
	Title = {Preliminaries to speech analysis: The distinctive features and their correlates},
	Year = {1963}}

@book{haegeman1994,
	Address = {Oxford},
	Author = {Liliane Haegeman},
	Date-Added = {2016-02-26 11:03:48 +0000},
	Date-Modified = {2016-05-12 04:34:01 +0000},
	Edition = {2},
	Publisher = {Basil Blackwell},
	Title = {Introduction to government and binding theory},
	Year = {1994}}

@book{shibatani1978,
	Address = {東京},
	Author = {柴谷 方良},
	Date-Added = {2016-02-26 11:01:41 +0000},
	Date-Modified = {2016-05-12 13:29:21 +0000},
	Publisher = {大修館書店},
	Series = {あれこれ},
	Title = {日本語の分析},
	Volume = {2},
	Year = {1978},
	Yomi = {Katayoshi Shibatani}}

@article{paul1978,
	Author = {Paul Kay and Chad K. McDaniel},
	Date-Added = {2016-02-26 10:59:13 +0000},
	Date-Modified = {2016-05-12 05:47:42 +0000},
	Journal = {Language},
	Pages = {610-646},
	Title = {The linguistic significance of basic color terms},
	Volume = {54},
	Year = {1978}}

@article{postal1970,
	Author = {Paul Postal},
	Date-Added = {2016-02-26 10:58:06 +0000},
	Date-Modified = {2016-02-29 02:56:04 +0000},
	Journal = {Linguistic Inquiry},
	Month = {7},
	Pages = {37-120},
	Title = {On the surface verb "remind"},
	Volume = {1},
	Year = {1970}}

@article{hattori1976,
	Author = {服部 四郎},
	Date-Added = {2016-02-26 10:57:01 +0000},
	Date-Modified = {2016-02-26 10:57:53 +0000},
	Journal = {言語},
	Number = {6},
	Pages = {2-14},
	Title = {上代日本語の母音体系と母音調和},
	Volume = {5},
	Year = {1976},
	Yomi = {Siroh Hattori}}

@article{sakuma1941,
	Author = {佐久間 鼎},
	Date-Added = {2016-02-26 10:54:09 +0000},
	Date-Modified = {2016-02-26 10:57:58 +0000},
	Journal = {言語研究},
	Pages = {1-16},
	Title = {構文と文脈},
	Volume = {9},
	Year = {1941},
	Yomi = {Kanae Sakuma}}

@incollection{kiparsky1968,
	Address = {New York},
	Author = {Paul Kiparsky},
	Booktitle = {Universals in linguistic theory},
	Date-Added = {2016-02-26 08:13:42 +0000},
	Date-Modified = {2016-02-26 10:44:34 +0000},
	Editor = {Emmon Bach and Robert T. Harms},
	Pages = {171-202},
	Publisher = {Holt, Rinehart and Winston},
	Title = {Linguistic universals and linguistic change},
	Year = {1968}}

@incollection{ueno1997,
	Address = {東京},
	Author = {上野 善道},
	Booktitle = {アクセント・イントネーション・リズムとポーズ},
	Date-Added = {2016-02-26 08:03:35 +0000},
	Date-Modified = {2016-02-26 11:25:56 +0000},
	Editor = {廣瀬 肇　and 河野 守夫},
	Pages = {231-270},
	Publisher = {三省堂},
	Title = {複合名詞から見た日本語書方言のアクセント},
	Year = {1997},
	Yomi = {Yoshimichi Ueno}}

@incollection{hayasi1974,
	Address = {東京},
	Date-Added = {2016-02-26 03:11:03 +0000},
	Date-Modified = {2016-05-16 11:43:17 +0000},
	Editor = {林　四郎 and 南　不二男},
	Publisher = {明治書院},
	Series = {敬語講座},
	Title = {世界の敬語},
	Volume = {8},
	Year = {1974},
	Yomi = {Shiroh Hayashi}}

@incollection{kindaichi1955,
	Address = {東京},
	Author = {金田一　京助},
	Booktitle = {世界言語概説},
	Date-Added = {2016-02-26 02:42:36 +0000},
	Date-Modified = {2016-05-12 13:23:46 +0000},
	Editor = {市河　三喜 and 服部　四郎},
	Pages = {727-749},
	Publisher = {研究社},
	Title = {アイヌ語},
	Volume = {下},
	Year = {1955},
	Yomi = {Kyosuke Kindaichi}}

@article{4027719,
	Author = {Andrew Pawley and Frances Hodgetts Syder},
	Date-Modified = {2016-02-26 02:08:20 +0000},
	Journal = {Language and Communication},
	Masid = {4027719},
	Pages = {191--227},
	Title = {{Two puzzles for linguistic theory: Nativelike selection and nativelike fluency}},
	Year = {1983},
	Bdsk-File-1 = {YnBsaXN0MDDUAQIDBAUGJCVYJHZlcnNpb25YJG9iamVjdHNZJGFyY2hpdmVyVCR0b3ASAAGGoKgHCBMUFRYaIVUkbnVsbNMJCgsMDxJXTlMua2V5c1pOUy5vYmplY3RzViRjbGFzc6INDoACgAOiEBGABIAFgAdccmVsYXRpdmVQYXRoWWFsaWFzRGF0YW8QFQAuAC4AL4rWZYcALwBQAGEAdwBsAGUAeQBTAHkAZABlAHIALgBwAGQAZtIXCxgZV05TLmRhdGFPEQG4AAAAAAG4AAIAAAxNYWNpbnRvc2ggSEQAAAAAAAAAAAAAAAAAAADP1KlWSCsAAAEEJiAPUGF3bGV5U3lkZXIucGRmAAAAAAAAAAAAAAAAAAAAAAAAAAAAAAAAAAAAAAAAAAAAAAAAAAAAAAAAAAAAAAAAAQQl9tL1uekAAAAAAAAAAAABAAIAAAkgAAAAAAAAAAAAAAAAAAAABJhflbYAEAAIAADP1CrGAAAAEQAIAADS9TtZAAAAAQAYAQQmIAEChdsACy51AAstsAAJOXwAAmb5AAIATE1hY2ludG9zaCBIRDpVc2VyczoAaGFtaWRlbnQwOgBEcm9wYm94OgCR5Yp3OgCMvozqVGVYOgCYX5W2OgBQYXdsZXlTeWRlci5wZGYADgAgAA8AUABhAHcAbABlAHkAUwB5AGQAZQByAC4AcABkAGYADwAaAAwATQBhAGMAaQBuAHQAbwBzAGgAIABIAEQAEgA/VXNlcnMvaGFtaWRlbnQwL0Ryb3Bib3gv5aSn5a2mL+iogOiqnlRlWC/oq5bmlocvUGF3bGV5U3lkZXIucGRmAAATAAEvAAAVAAIAEP//AACABtIbHB0eWiRjbGFzc25hbWVYJGNsYXNzZXNdTlNNdXRhYmxlRGF0YaMdHyBWTlNEYXRhWE5TT2JqZWN00hscIiNcTlNEaWN0aW9uYXJ5oiIgXxAPTlNLZXllZEFyY2hpdmVy0SYnVHJvb3SAAQAIABEAGgAjAC0AMgA3AEAARgBNAFUAYABnAGoAbABuAHEAcwB1AHcAhACOALsAwADIAoQChgKLApYCnwKtArECuALBAsYC0wLWAugC6wLwAAAAAAAAAgEAAAAAAAAAKAAAAAAAAAAAAAAAAAAAAvI=}}

@book{kageyama1999,
	Author = {影山 太郎},
	Editor = {西光義弘},
	Publisher = {くろしお出版},
	Series = {日英語対照による英語学演習シリーズ},
	Title = {形態論と意味},
	Volume = {2},
	Year = {1999},
	Yomi = {Taro Kageyama}}
